@manual{r6rs,
	title = "Revised$^6$ Report on the Algorithmic Language Scheme",
	author = "Michael Sperber and R. Kent Dybvig and Matthew Flatt and " 
	    # "Anton van Straaten",
	month = "September", 
	year = "2007",
	note = {http://www.r6rs.org/final/r6rs.pdf}}
@manual{r4rs,
	author = {William Clinger and Jonathan Rees},
	title = {Revised$^4$ Report on the Algorithmic Language Scheme},
	month = {September},
	year = {1991},
	note = {ftp://ftp.cs.indiana.edu/pub/scheme-repository/doc/standards/r4rs.ps.gz}}
@manual{r5rs,
	title = {Revised$^5$ Report on the Algorithmic Language Scheme},
	author = {Richard Kelsey and William Clinger and Jonathan Rees},
	month = "February", year = "1998",
	note = {http://www.schemers.org/Documents/Standards\break/R5RS/r5rs.ps}}
@inproceedings{phasing,
 author = {Ghuloum, Abdulaziz and Dybvig, R. Kent},
 title = {Implicit phasing for R6RS libraries},
 booktitle = {ICFP '07: Proceedings of the 12th ACM SIGPLAN international conference on Functional programming},
 year = {2007},
 isbn = {978-1-59593-815-2},
 pages = {303--314},
 location = {Freiburg, Germany},
 doi = {http://doi.acm.org/10.1145/1291151.1291197},
 publisher = {ACM},
 address = {New York, NY, USA},
 }

@misc{cpan, author = {Jarkko Hietaniemi}, 
	title = {Comprehensive Perl Archive Network}, 
	note = {http://www.cpan.org}}
@techreport{planet,
  author = {Jacob Matthews},
  title = {{PLaneT}: Automatic Package Distribution},
  number = {PLT-TR2009-planet-v4.2},
  type = {Reference Manual},
  institution = {PLT Scheme Inc.},
  month = {June},
  year = {2009},
  url = {http://download.plt-scheme.org/doc/4.2/pdf/planet.pdf},
  note = {\url{http://plt-scheme.org/techreports/}}
}
@techreport{descot,
	author = {Aaron W. Hsu},
	title = {Descot Technical Documentation},
	type = {Programmer's Documentation},
	month = {May}, year = {2009},
	url = {http://descot.sacrideo.us/doc/descot_techdoc.pdf},
	note = {\url{http://descot.sacrideo.us}}}
@manual{eggs, author = {Felix Winkelmann}, 
	title = {The CHICKEN User's Manual},
	month = {April}, year = {2009},
	url = {http://chicken.wiki.br/man/4/The User's Manual},
	note = {\url{http://chicken.wiki.br/man/4/The User's Manual}}}
@manual{bigloorepo, author = {Vladimir Tsichevski}, 
	title = {Bigloo libraries},
	month = {December}, year = {2003},
	url = {http://bigloo-lib.sourceforge.net/},
	note = {\url{http://bigloo-lib.sourceforge.net/}}}
@manual{snow, author = {Marc Feeley}, 
	title = {Scheme Now! Documentation},
	month = {June}, year = {2009},
	url = {http://snow.iro.umontreal.ca/?tab=Documentation},
	note = {\url{http://snow.iro.umontreal.ca/?tab=Documentation}}}
@misc{csan, author = {CSAN}, 
	title = {Comprehensive Scheme Archive Network},
	note = {\url{http://www.cliki.net/Community}},
	month = {June}, year = {2009}}
@misc{cxan, 
	author = {Hans Oesterholt},
	title = {CxAN}, 
	month = {July}, year = {2004},
	note = {\url{http://cxan.sourceforge.net/}}}
@manual{slib,
	author = {Aubrey Jaffer},
	title = {SLIB: The Portable Scheme Library},
	month = {February}, year = {2008},
	note = {\url{http://people.csail.mit.edu/jaffer/slib\_toc.html}}}
@techreport{rdf, 
	author = {Dan Brickley and R. V. Guha},
	title = {RDF Vocabulary Description Language 1.0: RDF Schema},
	institution = {W3C},
	year = {2004},
	type = {W3C Recommendation},
	month = {February},
	note = {\url{http://www.w3.org/RDF/}}}
@techreport{rdfprimer, 
	author = {Frank Manola and Eric Miller},
	title = {RDF Primer},
	institution = {W3C},
	type = {W3C Recommendation},
	month = {February}, year = {2004},
	note = {\url{http://www.w3.org/TR/rdf-primer/}}}
@techreport{descotschema,
	author = {Aaron W. Hsu},
	title = {Descot RDF Schema},
	type = {RDF Schema},
	month = {May}, year = {2009},
	note = {\url{http://descot.sacrideo.us/10-rdf-schema}}}
@techreport{turtle,
	author = {David Beckett and Tim Berners-Lee},
	institution = {W3C},
	type = {W3C Team Submission},
	title = {Turtle - Terse RDF Triple Language},
	month = {January}, year = {2008},
	note = {\url{http://www.w3.org/TeamSubmission/turtle/}}}
@techreport{sparql_lang,
	title = "SPARQL Query Language for RDF",
	author = {Eric Prud'hommeaux and Andy Seaborne},
	institution = {W3C},
	type = {W3C Recommendation},
	month = {January}, year = {2008},
	note = {\url{http://www.w3.org/TR/rdf-sparql-query/}}}
@techreport{sparql_proto,
	author = {Kendall Grant Clark and Lee Feigenbaum and Elias Torres},
	title = {SPARQL Protocol for RDF},
	institution = {W3C},
	type = {W3C Recommendation},
	month = {January}, year = {2008},
	note = {\url{http://www.w3.org/TR/rdf-sparql-protocol/}}}
@techreport{sparql_results,
	author = {Dave Beckett and Jeen Broekstra},
	title = {SPARQL Query Results XML Format},
	institution = {W3C},
	type = {W3C Recommendation},
	month = {January}, year = {2008},
	note = {\url{http://www.w3.org/TR/rdf-sparql-XMLres/}}}
@manual{chez,
	title = {Chez Scheme Version 7 User's Guide},
	author = {R. Kent Dybvig},
	organization = {Cadence Research Systems},
	month = {July}, year = {2007},
	note = {\url{http://www.scheme.com/csug7/}}}
@misc{modlisp,
	author = {Marc Battyani},
	title = {Mod Lisp},
	howpublished = {Fractal Concept},
	month = {June}, year = {2009},
	title = {\url{http://www.fractalconcept.com/asp/mod\_lisp}}}
@misc{oleg_site,
	author = {Oleg Kiselyov},
	month = {June}, year = {2009},
	title = {Scheme Hash},
	note = {\url{http://okmij.org/ftp/Scheme}}}
@misc{foof_loop,
	author = {Taylor Campbell},
	title = {foof loop},
	month = {June}, year = {2009},
	note = {\url{http://mumble.net/ \~\ campbell/darcs/foof-loop/loop.scm}}}
@manual{scheme48,
	author = {Richard Kelsey and Jonathan Rees and Mike Sperber},
	title = {The Incomplete Scheme 48 Reference Manual for release 1.8},
	month = {January}, year = {2008},
	note = {\url{http://www.s48.org/1.8/manual/manual.html}}}
@manual{mit_scheme,
	key = mit,
	organization = {Massachusetts Institute of Technology},
	title = {MIT/GNU Scheme 7.7.90+ Reference Manual},
	year = {2008},
	note = {\url{http://www.gnu.org/software/mit-scheme/documentation/mit-scheme-ref/index.html}}}
@manual{ieee-scheme,
	title = {1178-1990 IEEE Standard for the Scheme Programming Lanuage},
	organization = {IEEE},
	year = {1990},
	key = {IEEE}}
@manual{debian, 
	author = {Osamu Aoki},
	title = {Debian Reference},
	month = {June}, year = {2009},
	note = {\url{http://www.debian.org /doc/manuals/debian-reference/}}}
@manual{rpm, author = {Alexandre de Abreu},
	title = {All you have to know about RPM},
	month = {March}, year = {2004},
	note = {\url{http://fedoranews.org/alex/tutorial/rpm/}}}
@manual{yum, 
	author = {Michael Hideo},
	title = {Red Hat Enterprise Linux 5 Deployment Guide},
	organization = {Red Hat Inc.},
	address = {Raleigh, NC},
	edition = {5},
	month = {November}, year = {2008},
	note = {\url{http://www.redhat.com/docs/en-US/Red\_Hat\_Enterprise\_Linux/5/html/Deployment\break\_Guide/index.html}}}
@misc{rpmfind, author = {Fabrice Bellet},
	title = {Rpmfind}, 
	month = {June}, year = {2009},
	note = {\url{http://www.rpmfind.net}}}
@misc{gentoo, author = {Gentoo Foundation}, 
	title = {Gentoo Linux},
	month = {June}, year = {2009},
	note = {\url{http://www.gentoo.org}}}
@manual{openbsd, 
	author = {Nick Holland}, 
	title = {The OpenBSD packages and ports system},
	organization = {OpenBSD},
	month = {May}, year = {2009},
	note = {\url{http://www.openbsd.org}}}
